<?xml version="1.0" encoding="UTF-8"?>
<collection xmlns="http://www.loc.gov/MARC21/slim">
  <record>
    <leader>00000cam a2200000 i 4500</leader>
    <controlfield tag="001">87654321</controlfield>
    <controlfield tag="008">201015s2020    nyu           000 0 eng  </controlfield>

    <!-- ISBN -->
    <datafield tag="020" ind1=" " ind2=" ">
      <subfield code="a">9781234567890</subfield>
    </datafield>

    <!-- Other Standard Identifier (UPC code) -->
    <datafield tag="024" ind1="1" ind2=" ">
      <subfield code="a">012345678901</subfield>
      <subfield code="2">UPC</subfield>
    </datafield>

    <!-- LC Call Number -->
    <datafield tag="050" ind1="0" ind2="0">
      <subfield code="a">PS3545.I345</subfield>
      <subfield code="b">C5 2020</subfield>
    </datafield>

    <!-- Dewey Decimal -->
    <datafield tag="082" ind1="0" ind2="0">
      <subfield code="a">813.54</subfield>
      <subfield code="2">23</subfield>
    </datafield>

    <!-- Author -->
    <datafield tag="100" ind1="1" ind2=" ">
      <subfield code="a">Smith, Jane</subfield>
      <subfield code="d">1975-</subfield>
    </datafield>

    <!-- Title -->
    <datafield tag="245" ind1="1" ind2="0">
      <subfield code="a">Test book for library catalog :</subfield>
      <subfield code="b">a comprehensive example /</subfield>
      <subfield code="c">Jane Smith.</subfield>
    </datafield>

    <!-- Alternate Title -->
    <datafield tag="246" ind1="3" ind2=" ">
      <subfield code="a">Comprehensive example</subfield>
    </datafield>

    <!-- Edition -->
    <datafield tag="250" ind1=" " ind2=" ">
      <subfield code="a">Second edition.</subfield>
    </datafield>

    <!-- Publication -->
    <datafield tag="264" ind1=" " ind2="1">
      <subfield code="a">New York :</subfield>
      <subfield code="b">Test Publisher,</subfield>
      <subfield code="c">2020.</subfield>
    </datafield>

    <!-- Physical Description -->
    <datafield tag="300" ind1=" " ind2=" ">
      <subfield code="a">256 pages ;</subfield>
      <subfield code="c">23 cm</subfield>
    </datafield>

    <!-- RDA Content Type -->
    <datafield tag="336" ind1=" " ind2=" ">
      <subfield code="a">text</subfield>
      <subfield code="b">txt</subfield>
      <subfield code="2">rdacontent</subfield>
    </datafield>

    <!-- RDA Media Type -->
    <datafield tag="337" ind1=" " ind2=" ">
      <subfield code="a">unmediated</subfield>
      <subfield code="b">n</subfield>
      <subfield code="2">rdamedia</subfield>
    </datafield>

    <!-- RDA Carrier Type -->
    <datafield tag="338" ind1=" " ind2=" ">
      <subfield code="a">volume</subfield>
      <subfield code="b">nc</subfield>
      <subfield code="2">rdacarrier</subfield>
    </datafield>

    <!-- General Note -->
    <datafield tag="500" ind1=" " ind2=" ">
      <subfield code="a">This is a test record for import validation.</subfield>
    </datafield>

    <!-- Bibliography Note -->
    <datafield tag="504" ind1=" " ind2=" ">
      <subfield code="a">Includes bibliographical references and index.</subfield>
    </datafield>

    <!-- Table of Contents -->
    <datafield tag="505" ind1="0" ind2=" ">
      <subfield code="a">Chapter 1. Introduction -- Chapter 2. Methods -- Chapter 3. Results -- Chapter 4. Discussion -- Chapter 5. Conclusion.</subfield>
    </datafield>

    <!-- Summary -->
    <datafield tag="520" ind1=" " ind2=" ">
      <subfield code="a">This is a test book used to demonstrate MARC record import functionality in library systems. It includes all major bibliographic fields for comprehensive testing.</subfield>
    </datafield>

    <!-- Language Note -->
    <datafield tag="546" ind1=" " ind2=" ">
      <subfield code="a">Text in English.</subfield>
    </datafield>

    <!-- Subject Headings -->
    <datafield tag="650" ind1=" " ind2="0">
      <subfield code="a">Library science</subfield>
      <subfield code="x">Data processing.</subfield>
    </datafield>
    <datafield tag="650" ind1=" " ind2="0">
      <subfield code="a">Cataloging.</subfield>
    </datafield>

    <!-- Geographic Subject -->
    <datafield tag="651" ind1=" " ind2="0">
      <subfield code="a">United States</subfield>
      <subfield code="x">Libraries.</subfield>
    </datafield>

    <!-- Genre/Form -->
    <datafield tag="655" ind1=" " ind2="7">
      <subfield code="a">Handbooks and manuals.</subfield>
      <subfield code="2">lcgft</subfield>
    </datafield>

    <!-- Added Entry (Contributor) -->
    <datafield tag="700" ind1="1" ind2=" ">
      <subfield code="a">Johnson, Robert</subfield>
      <subfield code="e">editor.</subfield>
    </datafield>

    <!-- Electronic Access -->
    <datafield tag="856" ind1="4" ind2="0">
      <subfield code="u">https://example.com/test-book</subfield>
      <subfield code="z">Access online version</subfield>
    </datafield>

  </record>
</collection>
